@misc{trendmicro,
    year="2015",
    note="[Online; accessed 6 December 2016]",
    howpublished ="\url{http://blog.trendmicro.com/malware-1-million-new-threats-emerging-daily/}"
}

@misc{saynotooverfitting,
    year="2015",
    note="[Online; accessed 6 December 2016]",
    howpublished =
    "\url{blog.kaggle.com/2015/05/26/microsoft-malware-winners-interview-1st-place-no-to-overfitting/}"}
}

@inproceedings{torsten,
  title={Learning and classification of malware behavior},
  author={Rieck, Konrad and Holz, Thorsten and Willems, Carsten and D{\"u}ssel, Patrick and Laskov, Pavel},
  booktitle={International Conference on Detection of Intrusions and Malware, and Vulnerability Assessment},
  pages={108--125},
  year={2008},
  organization={Springer}
}

@inproceedings{unsupmaldetection,
  title={Scalable, Behavior-Based Malware Clustering.},
  author={Bayer, Ulrich and Comparetti, Paolo Milani and Hlauschek, Clemens and Kruegel, Christopher and Kirda, Engin},
  organization={Citeseer}
}
